
@BOOK{kamilov,
   title = "Algorithms for Estimate Calculation and Their Application",
   author = "Zhuravlev, Yu.I., Kamilov, M.M., and Tulyaganov, Sh.E.",
   publisher = "Fan",
   edition = "First",
   year = 1974   
}

@BOOK{juravlyov,
   title = "Izbrannie trudi",
   author = "Zhuravlev, Yu.I.",
   publisher = "Magistr",
   edition = "First",
   year = 1998   
} 

@BOOK{jumpstarting,
   author = "Jesse L. Mecham",
   title = "Jumpstarting phylogenetic searches",
   publisher = "Brigham Young University",
   year =  2006
}

@BOOK{alkim,
   author = "Alkim Ozaygen",
   title = "Phylogenetic supertree construction using constraint programming",
   publisher = "Cankaya University",
   year =  2006
}

@BOOK{tandy,
   author = "Tandy Warnow",
   title = "Large-scale multiple sequence alignment and phylogeny estimation",
   publisher = "University of Texas at Austin, Austin, TX, USA",
   year =  2013
}

@OTHER{clustalw,
	author = "Larkin MA, Blackshields G, Brown NP, Chenna R, McGettigan PA, McWilliam H, Valentin F, Wallace IM, Wilm A, Lopez R, Thompson JD, Gibson TJ, Higgins DG",
	title = "Clustal W and Clustal X version 2.0",
	publisher = "Bioinformatics",
	year = {2007}
}

@ONLINE{clustalwsite,
	author = {Science Foundation Ireland},
	title = {Clustal W / Clustal X},
	publisher = {Online website},
	year = {2014},
	url = {http://www.clustal.org/clustal2/}
}

@BOOK{rporter,
   author = "Ryan M. Potter",
   title = "Constructing Phylogenetic Trees using Multiple Sequence Alignment",
   publisher = "University of Washington",
   year =  2008
}


% --------------------------- %

@string{jgr = "J.~Geophys.~Res."}

@MISC{primes,
   author = "Charles Louis Xavier Joseph de la Vall{\'e}e Poussin",
   note = "A strong form of the prime number theorem, 19th century",
   year = 1879
}  

@BOOK{texbook,
   author = "Donald E. Knuth",
   title= "The {{\TeX}book}",
   publisher = "Addison-Wesley",
   year = 1984,
   note = {\url{www.google.com}} 
}

@UNPUBLISHED{btxdoc,
   author = "Oren Patashnik",
   title = "{Using BibTeX}",
   note = "Documentation for general BibTeX users",
   month = jan,
   year = 1988
}

@UNPUBLISHED{btxhak,
   author = "Oren Patashnik",
   title = "Designing BibTeX Styles",
   note = "The part of BibTeX's documentation
                            that's not meant for general users",
   month = jan,
   year = 1988
}

@MISC{algo1,
   AUTHOR  = {"Fabio Pardi"},
   TITLE   = {"Algorithms on Phylogenetic Trees"},  
   YEAR    = {2009},
   PUBLISHER = {"University of Cambridge"}         
}

@Article{Narendra_1990,
  author =       {K.S.Narendra and K.Parthsarathy},
  title =        {Identification and Control of Dynamical System
                  using Neural Networks},
  journal =      "IEENN",
  year =         {1990},
  volume =    {1},
  number =    {1},
  month =     {3},
  pages =     {4-27},
  note =      {3},
  annote =    {2}
}